<?xml version="1.0" encoding="UTF-8"?><collection xmlns="http://www.loc.gov/MARC21/slim"><record><leader>00396nam--2200133-i-4500</leader><controlfield tag="001">000047841</controlfield><controlfield tag="002">20161230</controlfield><controlfield tag="005">20161230201046</controlfield><controlfield tag="008">060222s1000------------r-----000-0-eng-d</controlfield><datafield ind1=" " ind2=" " tag="080"><subfield code="a">016:801.323.1+8020+800.935:62</subfield></datafield><datafield ind1=" " ind2=" " tag="100"><subfield code="a">Wuster Eugen</subfield></datafield><datafield ind1=" " ind2=" " tag="245"><subfield code="a">Bibliography of monolingual scientific and technical glossaries. vol.1. national standards</subfield></datafield><datafield ind1=" " ind2=" " tag="260"><subfield code="a">Paris, Unesco, 1955, 219p</subfield></datafield><datafield ind1=" " ind2=" " tag="852"><subfield code="a">D.1003</subfield></datafield></record></collection>